% This file was created with JabRef 2.6.
% Encoding: MacRoman

@TECHREPORT{gerritsen2008,
  author = {H. Gerritsen and E.D. de Goede and F.W. Platzek and M. Genseberger
	and J.A.Th.M. van Kester and R.E. Uittenbogaard},
  title = {Validation Document Delft3D-FLOW},
  institution = {Deltares, Delft Hydraulics},
  year = {2008},
  owner = {colinsheppard},
  timestamp = {2010.07.20}
}

@TECHREPORT{lin2008,
  author = {Lihwa Lin and Zeki Demirbilek and Hajime Mase and Jinhai Zheng and
	Fumihiko Yamada},
  title = {CMS-Wave: A Nearshore Spectral Wave Processes Model for Coastal Inlets
	and Navigation Projects},
  institution = {Coastal Hydraulic Laboratory, U.S. Army Corps of Engineers},
  year = {2008},
  month = {August},
  owner = {colinsheppard},
  timestamp = {2010.07.20}
}

@CONFERENCE{nicolini2005,
  author = {Troy Nicolini and Greg Crawford and Douglas Saucedo},
  title = {Validation of a nearshore wave model in a harbor entrance with a
	dynamic wave and littoral process environment},
  booktitle = {Sixth Conference on Coastal Atmospheric and Oceanic Prediction and
	Processes, Session 4, Development and operation of coastal forecast
	systems and data assimilation},
  year = {2005},
  owner = {colinsheppard},
  timestamp = {2010.07.20}
}

@comment{jabref-meta: selector_journal:}

@comment{jabref-meta: selector_author:}

@comment{jabref-meta: selector_keywords:}

@comment{jabref-meta: selector_publisher:}

